% http://www.ajc.org.tw/pages/abstract/2.2PD/2FR-99-8.PDF
@inproceedings{li2013modeling,
  title={Modeling and Simulation of Asynchronous Motor in $\alpha$$\beta$ Coordinate System Based on Matlab},
  author={Li, Yi Ming and Wang, Yue Bin and Yan, Quan Feng and Huang, Wei},
  booktitle={Advanced Materials Research},
  volume={756},
  pages={4646--4651},
  year={2013},
  organization={Trans Tech Publ}
}

@article{Patrik:2013,
  title = {Position Accuracy with Dual Motor Control for a Gantry Tau Robot},
  author = {Patrik CairÃ©n},
  year={2000},
  publisher = {Lund University, Department of Automatic Control}
}

@inproceedings{robertz2010precise,
  title={Precise robot motions using dual motor control},
  author={Robertz, Sven Gesteg{\aa}rd and Halt, Lorenz and Kelkar, Sameer and Nilsson, Klas and Robertsson, Anders and Sch{\"a}r, Dominique and Schiffer, Johannes},
  booktitle={Robotics and Automation (ICRA), 2010 IEEE International Conference on},
  pages={5613--5620},
  year={2010},
  organization={IEEE}
}

@article{selmic2000backlash,
  title={Backlash compensation in nonlinear systems using dynamic inversion by neural networks},
  author={Selmic, Rastko R and Lewis, Frank L},
  journal={Asian Journal of Control},
  volume={2},
  number={2},
  pages={76--87},
  year={2000},
  publisher={Chinese Automatic Control Society}
}

%http://www.researchgate.net/publication/224262277_Modelling_of_the_three-phase_induction_motor_using_SIMULINK
@inproceedings{shi1997modelling,
  title={Modelling of the three-phase induction motor using SIMULINK},
  author={Shi, KL and Chan, TF and Wong, YK},
  booktitle={Electric Machines and Drives Conference Record, 1997. IEEE International},
  pages={WB3--6},
  year={1997}
}

@book{monsees2002discrete,
  title={Discrete-time sliding mode control},
  author={Monsees, Govert},
  year={2002},
  publisher={TU Delft, Delft University of Technology}
}

@article{athans1971role,
  title={The role and use of the stochastic linear-quadratic-Gaussian problem in control system design},
  author={Athans, Michael},
  journal={Automatic Control, IEEE Transactions on},
  volume={16},
  number={6},
  pages={529--552},
  year={1971},
  publisher={IEEE}
}

@misc{sepp2008friction,
  title={Friction modelling in linear track cart pendulum system},
  author={Sepp, Kalev},
  year={2008}
}

@misc{PID2015feedforward,
  title = {PID Loop Descriptions},
  author={National Instruments Corporation},
  year={2015},
  URL={http://zone.ni.com/reference/en-XX/help/371093M-01/mclvhowto/pidloopdescriptions/},
}

@article{wescott2010controlling,
  title={Controlling motors in the presence of friction and backlash},
  author={Wescott, Tim},
  journal={Wescott Design Services, www. wescottdesign. com/articles/Friction/friction. pdf},
  year={2010}
}

@misc{Backlash2006,
  title = {Motion Control of Systems with Backlash},
  author={Bruns, Diepstraten, Bruns, Wouters},
  year={2006},
  URL={http://zone.ni.com/reference/en-XX/help/371093M-01/mclvhowto/pidloopdescriptions/},
}

@article{nasir2010performance,
  title={Performance comparison between sliding mode control (SMC) and PD-PID controllers for a nonlinear inverted pendulum system},
  author={Nasir, ANK and Ismail, RMTR and Ahmad, MA},
  journal={World Academy of Science, Engineering and Technology},
  volume={71},
  year={2010}
}

@misc{PLCCoder:2015,
  title = {{Simulink PLC Coder}},
  author={{The MathWorks, Inc}},
  year = {2015},
  URL = {http://se.mathworks.com/products/sl-plc-coder/index.html}
}

@article{nordin1997new,
  title={New models for backlash and gear play},
  author={Nordin, Mattias and Galic', Johann and Gutman, Per-Olof},
  journal={International journal of adaptive control and signal processing},
  volume={11},
  number={1},
  pages={49--63},
  year={1997},
  publisher={Chichester; New York: Wiley,[1987?-}
}

@inproceedings{friedland1997feedback,
  title={Feedback control of systems with parasitic effects},
  author={Friedland, Bernard},
  booktitle={American Control Conference, 1997. Proceedings of the 1997},
  volume={2},
  pages={937--941},
  year={1997},
  organization={IEEE}
}

@inproceedings{espina2009speed,
  title={Speed anti-windup PI strategies review for field oriented control of permanent magnet synchronous machines},
  author={Espina, Jordi and Arias, Antoni and Balcells, Josep and Ortega, Carlos},
  booktitle={Compatibility and Power Electronics, 2009. CPE'09.},
  pages={279--285},
  year={2009},
  organization={IEEE}
}